@misc{whatsapp_2b_users_archive_org,
    title = "WhatsApp - Two Billion Users - Connecting the World Privately",
    howpublished = "\url{https://web.archive.org/web/20200215075032/https://blog.whatsapp.com/10000666/Two-Billion-Users--Connecting-the-World-Privately}"
}

@misc{messenger_1pt3b_users,
    title = "Messenger - More than 1.3 billion people",
    howpublished = "\url{https://www.facebook.com/messenger/posts/1530169047102770}"
}

@misc{digital_comms_protocols_2019,
    title = "Digital Communications Protocols",
    howpublished = "\url{https://docs.google.com/spreadsheets/d/1-UlA4-tslROBDS9IqHalWVztqZo7uxlCeKPQ-8uoFOU/edit#gid=0}"
}

@misc{nytimes_nso_group,
    title = "WhatsApp Rushes to Fix Security Flaw",
    howpublished = "\url{https://www.nytimes.com/2019/05/13/technology/nso-group-whatsapp-spying.html}"
}

@misc{matrix_org,
    title = "Matrix.org",
    howpublished = "\url{https://matrix.org}"
}